@book{ght34,
    author = {Jean-Philippe, Aumasson},
    title = {Serious Cryptography},
    publisher = {No starch press},
    year = {2018}
}

@book{BS15,
    author = {Bruce, Schneier},
    title = {Applied Cryptography, Second Edition Protocols, Algorithms, and Source Code in C},
    publisher = {Hardback},
    year = {2015}
}

@misc{Boneh2015,
    added-at = {2020-05-04T14:29:57.000+0200},
    author = {Boneh, Dan and Shoup, Victor},
    biburl = {https://www.bibsonomy.org/bibtex/2ad0f3d227fa01da1d9727bf49b94b418/kirk86},
    description = {Principles of Modern Cryptography},
    interhash = {d5469dbf5e0380638447e6de84f6e0df},
    intrahash = {ad0f3d227fa01da1d9727bf49b94b418},
    keywords = {book cryptographic lecture notes},
    timestamp = {2020-05-04T14:30:43.000+0200},
    title = {A Graduate Course in Applied Cryptography},
    url = {https://crypto.stanford.edu/~dabo/cryptobook/draft_0_2.pdf},
    year = 2015
}

